%% This BibTeX bibliography file was created using BibDesk.
%% http://bibdesk.sourceforge.net/


%% Created for Sara Stoudt at 2020-01-16 11:39:24 -0800 


%% Saved with string encoding Unicode (UTF-8) 



@article{BerlowEtAl99,
	Author = {Berlow, E. L. and Navarrete, S. A. and Briggs, C. J. and Power, M. E. and Menge, B. A.},
	Date-Added = {2020-01-16 11:38:13 -0800},
	Date-Modified = {2020-01-16 11:38:58 -0800},
	Journal = {Ecology},
	Number = {7},
	Pages = {2206-2224},
	Title = {Quantifying Variation in the Strengths of Species Interactions},
	Volume = {80},
	Year = {1999}}
